<?xml version="1.0" encoding="UTF-8"?><collection xmlns="http://www.loc.gov/MARC21/slim"><record><leader>00423nam--2200157-i-4500</leader><controlfield tag="001">000033935</controlfield><controlfield tag="002">20161230</controlfield><controlfield tag="005">20170122231046</controlfield><controlfield tag="008">060222s1000------------r-----000-0-eng-d</controlfield><datafield ind1=" " ind2=" " tag="080"><subfield code="a">541.9</subfield></datafield><datafield ind1=" " ind2=" " tag="100"><subfield code="a">Mendeleev, D. I</subfield></datafield><datafield ind1=" " ind2=" " tag="245"><subfield code="a">Asemanarea elementelor si legea periodicitatii</subfield></datafield><datafield ind1=" " ind2=" " tag="260"><subfield code="a">Bucuresti</subfield><subfield code="b">Academia Republicii Populare Romane</subfield><subfield code="c">1951</subfield></datafield><datafield ind1=" " ind2=" " tag="300"><subfield code="a">69 p.+1 F.Pl</subfield></datafield><datafield ind1=" " ind2=" " tag="852"><subfield code="a">1124</subfield></datafield><datafield ind1=" " ind2=" " tag="CAT"><subfield code="a">SYS</subfield><subfield code="c">20170122</subfield><subfield code="h">231046</subfield></datafield></record></collection>